<marc:record xmlns:marc="http://www.loc.gov/MARC21/slim" xmlns:xsi="http://www.w3.org/2001/XMLSchema-instance" xsi:schemaLocation="http://www.loc.gov/MARC21/slim http://www.loc.gov/standards/marcxml/schema/MARC21slim.xsd"><marc:leader>00620nam a22      a 4500</marc:leader><marc:controlfield tag="001">1452576</marc:controlfield><marc:controlfield tag="003">NL-AMISG</marc:controlfield><marc:controlfield tag="005">20120117134645.0</marc:controlfield><marc:controlfield tag="008">110701s2011    xxu                 eng d</marc:controlfield><marc:datafield ind1=" " ind2=" " tag="020"><marc:subfield code="a">978-0-316-06611-2</marc:subfield></marc:datafield><marc:datafield ind1=" " ind2=" " tag="040"><marc:subfield code="a">NL-AMISG</marc:subfield></marc:datafield><marc:datafield ind1=" " ind2=" " tag="041"><marc:subfield code="a">eng</marc:subfield></marc:datafield><marc:datafield ind1=" " ind2=" " tag="044"><marc:subfield code="a">xxu</marc:subfield></marc:datafield><marc:datafield ind1="1" ind2=" " tag="100"><marc:subfield code="a">Gabriel, Mary</marc:subfield><marc:subfield code="0">(NL-AMISG)532479</marc:subfield></marc:datafield><marc:datafield ind1="1" ind2="0" tag="245"><marc:subfield code="a">Love and Capital :</marc:subfield><marc:subfield code="b">Karl and Jenny Marx and the birth of a revolution /</marc:subfield><marc:subfield code="c">Mary Gabriel.</marc:subfield></marc:datafield><marc:datafield ind1=" " ind2=" " tag="260"><marc:subfield code="a">New York, N.Y. [etc.] :</marc:subfield><marc:subfield code="b">Little, Brown and Company,</marc:subfield><marc:subfield code="c">2011</marc:subfield></marc:datafield><marc:datafield ind1=" " ind2=" " tag="300"><marc:subfield code="a">LVIII, 709 p.</marc:subfield></marc:datafield><marc:datafield ind1=" " ind2=" " tag="500"><marc:subfield code="a">WIth a note by the author.</marc:subfield></marc:datafield><marc:datafield ind1="1" ind2="4" tag="600"><marc:subfield code="a">Marx, Karl</marc:subfield><marc:subfield code="0">(NL-AMISG)153540</marc:subfield></marc:datafield><marc:datafield ind1="1" ind2="4" tag="600"><marc:subfield code="a">Marx, Jenny</marc:subfield><marc:subfield code="0">(NL-AMISG)153539</marc:subfield></marc:datafield><marc:datafield ind1="4" ind2=" " tag="852"><marc:subfield code="a">IISG</marc:subfield><marc:subfield code="b">IISG</marc:subfield><marc:subfield code="c">IISG</marc:subfield><marc:subfield code="j">2011/1559</marc:subfield><marc:subfield code="n">In process</marc:subfield><marc:subfield code="p">ACQ863</marc:subfield></marc:datafield><marc:datafield ind1=" " ind2=" " tag="901"><marc:subfield code="a">1452576</marc:subfield><marc:subfield code="b"/><marc:subfield code="c">1452576</marc:subfield><marc:subfield code="t">biblio</marc:subfield></marc:datafield><marc:datafield ind1=" " ind2=" " tag="902"><marc:subfield code="a">10622/DDB2788F-3D5E-419F-BB94-BE5D0023D87D</marc:subfield></marc:datafield></marc:record>